%%
%% This is file `./samples/bibliography.bib',
%% generated with the docstrip utility.
%%
%% The original source files were:
%%
%% apa7.dtx  (with options: `bibliography')
%% ----------------------------------------------------------------------
%% 
%% apa7 - A LaTeX class for formatting documents in compliance with the
%% American Psychological Association's Publication Manual, 7th edition
%% 
%% Copyright (C) 2021 by Daniel A. Weiss <daniel.weiss.led at gmail.com>
%% 
%% This work may be distributed and/or modified under the
%% conditions of the LaTeX Project Public License (LPPL), either
%% version 1.3c of this license or (at your option) any later
%% version.  The latest version of this license is in the file:
%% 
%% http://www.latex-project.org/lppl.txt
%% 
%% Users may freely modify these files without permission, as long as the
%% copyright line and this statement are maintained intact.
%% 
%% This work is not endorsed by, affiliated with, or probably even known
%% by, the American Psychological Association.
%% 
%% ----------------------------------------------------------------------
%% 

@ARTICLE{Jones2022,
	author = {Jones, Caren E. and Van Dongen, Angeline and Aubry, Jolan and Schreiber, Stefan G. and Degenhardt, Dani},
	title = {Use of Mobile Laser Scanning (MLS) to Monitor Vegetation Recovery on Linear Disturbances},
	year = {2022},
	journal = {Forests},
	volume = {13},
	number = {11},
	doi = {10.3390/f13111743},
	url = {https://www.scopus.com/inward/record.uri?eid=2-s2.0-85141880940&doi=10.3390%2ff13111743&partnerID=40&md5=0600d6423737baba54105058d55dff1a},
	type = {Article},
	publication_stage = {Final},
	source = {Scopus}
}

@ARTICLE{Sánchez-Aparicio201824,
	author = {Sánchez-Aparicio, Luis Javier and Del Pozo, Susana and Ramos, Luís F. and Arce, Andrés and Fernandes, Francisco M.},
	title = {Heritage site preservation with combined radiometric and geometric analysis of TLS data},
	year = {2018},
	journal = {Automation in Construction},
	volume = {85},
	pages = {24 – 39},
	doi = {10.1016/j.autcon.2017.09.023},
	url = {https://www.scopus.com/inward/record.uri?eid=2-s2.0-85031018622&doi=10.1016%2fj.autcon.2017.09.023&partnerID=40&md5=e5b51d8fc0c5ea79bc566db6bc8085a9},
	type = {Article},
	publication_stage = {Final},
	source = {Scopus}
}

@ARTICLE{Lichti2007307,
	author = {Lichti, Derek D.},
	title = {Error modelling, calibration and analysis of an AM-CW terrestrial laser scanner system},
	year = {2007},
	journal = {ISPRS Journal of Photogrammetry and Remote Sensing},
	volume = {61},
	number = {5},
	pages = {307 – 324},
	doi = {10.1016/j.isprsjprs.2006.10.004},
	url = {https://www.scopus.com/inward/record.uri?eid=2-s2.0-33845617283&doi=10.1016%2fj.isprsjprs.2006.10.004&partnerID=40&md5=4e08a548617b78536f1c8558aeab59b2},
	type = {Article},
	publication_stage = {Final},
	source = {Scopus}
}
%% 
%% Copyright (C) 2021 by Daniel A. Weiss <daniel.weiss.led at gmail.com>
%% 
%% This work may be distributed and/or modified under the
%% conditions of the LaTeX Project Public License (LPPL), either
%% version 1.3c of this license or (at your option) any later
%% version.  The latest version of this license is in the file:
%% 
%% http://www.latex-project.org/lppl.txt
%% 
%% Users may freely modify these files without permission, as long as the
%% copyright line and this statement are maintained intact.
%% 
%% This work is not endorsed by, affiliated with, or probably even known
%% by, the American Psychological Association.
%% 
%% 
%% This work is "maintained" (as per LPPL maintenance status) by
%% Daniel A. Weiss.
%% 
%% This work consists of the file  apa7.dtx
%% and the derived files           apa7.ins,
%%                                 apa7.cls,
%%                                 apa7.pdf,
%%                                 README,
%%                                 APA7american.txt,
%%                                 APA7british.txt,
%%                                 APA7dutch.txt,
%%                                 APA7english.txt,
%%                                 APA7french.txt,
%%                                 APA7german.txt,
%%                                 APA7ngerman.txt,
%%                                 APA7greek.txt,
%%                                 APA7czech.txt,
%%                                 APA7turkish.txt,
%%                                 APA7endfloat.cfg,
%%                                 Figure1.pdf,
%%                                 shortsample.tex,
%%                                 longsample.tex, and
%%                                 bibliography.bib.
%% 
%%
%% End of file `./samples/bibliography.bib'.
